@book{oReilly,
  title={{GDB Pocket Reference}},
  author={Arnold Robbins},
  isbn={9780596100278},
  year={2005},
  publisher={O'Reilly Media}
}

@book{deb_app,
  title={{Debugging Applications}},
  author={John Robbins},
  isbn={0735615365},
  year={2000},
  publisher={Microsoft Press}
}

@book{gnu,
  title={{Embedding with GNU: GNU Debugger}},
  author={Bill Gatliff},
  year={1999},
  publisher={Embedded Systems Programming}
}

@book{gdb,
  title={{Debugging with GDB: The GNU Source-Level Debugger}},
  author={Stallman, R. and Pesch, P.  and Shebs, S. and al.},
  year={2002},
  publisher={Free Software Foundation}
}

@book{art_debugging,
  title={{The Art of Debugging with GDB, DDD and Eclipse}},
  author={Matloff, N. and Pesch, P.  and Salzman, P. J..},
  year={2008},
  publisher={William Pollock}
}

@misc{sourceware,
title = {{Soureceware}},
note = {on-line at: \url{https://sourceware.org}}
}

@misc{GNUOrg,
title = {{GNUOrg}},
note = {on-line at: \url{https://www.gnu.org/software/ddd}}
}

@misc{n0where,
title = {{NoWhere.net}},
note = {on-line at: \url{https://n0where.net/web-gdb-gui-gdbgui}}
}


@misc{gdbgui,
title = {{gdbgui}},
note = {on-line at: \url{https://www.gdbgui.com/gettingstarted}}
}

@misc{QT,
title = {{Qt}},
note = {on-line at: \url{https://doc.qt.io/qtcreator/creator-debugging.html}}
}

@misc{tools,
title = {{.NET debugging tools comparison}},
note = {on-line at: \url{https://blog.revdebug.com/net-debugging-tools-comparison}}
}

@misc{debugger,
title = {{degugger basics}},
note = {on-line at: \url{https://worddisk.com/wiki/Debugger}}
}

@misc{kgd,
title = {{KGDB}},
note = {on-line at: \url{https://www.kernel.org/doc/html/v4.14/dev-tools/kgdb.html}}
}

@misc{valgrind,
title = {{Valgrind tutorial}},
note = {on-line at: \url{https://www.google.com/url?sa=t&rct=j&q=&esrc=s&source=web&cd=5&cad=rja&uact=8&ved=2ahUKEwiDvufH7fHoAhWjtYsKHen_AagQFjAEegQIAhAB&url=ftp%3A%2F%2Fftp.sara.nl%2Fpub%2Foutgoing%2Ftam2012%2F03_-_Tutorial_Valgrind.pdf&usg=AOvVaw3quUQiBYM3UQSmkMSJA9BI}}
}

@misc{lldb,
title = {{LLDB}},
note = {on-line at: \url{https://lldb.llvm.org/}}
}


@article{computerworld,
    author = {Rohan Pearce},
    citeulike-article-id = {155758},
    journal = {COMPUTERWORLD, The Voice of Business Technology},
    posted-at = {2013-04-15 09:13},
    priority = {0},
    title = {{Taking the pain out of debugging with live programming}},
    year = {2015}
}

@mastersthesis{master_rad,
title = {{Podrška za napredu analizu promenljivih lokalnih za niti pomoću alata GNU GDB}},
author = {Todorović, Đorđe},
year = {2019},
school={Univerzitet u Beogradu, Matematički fakultet}
}

@mastersthesis{seminarski_rad,
title = {{Kako rade debageri}},
author = {Kalinić, Luka},
year = {2018},
school={Univerzitet u Beogradu, Matematički fakultet}
}

@mastersthesis{debagovanje,
title = {{Debugging is Explaining}},
author = {Koen V. Hindriks},
school={Delft University of Technology, The Netherlands}
}


